<?xml version="1.0" encoding="UTF-8"?><collection xmlns="http://www.loc.gov/MARC21/slim"><record><leader>00538nam--2200133-i-4500</leader><controlfield tag="001">000027148</controlfield><controlfield tag="002">20161230</controlfield><controlfield tag="005">20161230201036</controlfield><controlfield tag="008">060222s1000------------r-----000-0-eng-d</controlfield><datafield ind1=" " ind2=" " tag="100"><subfield code="a">Kodera, Kunihiko</subfield></datafield><datafield ind1=" " ind2=" " tag="245"><subfield code="a">1-ere these: analyse numerique de signaux geophysiques non-stationnaires. 2-eme these: diagnostic du plasma magnetopherique a partir des emissions ubf naturalles caracteristiques necessaires des equipements d`analyse de ces ondes</subfield></datafield><datafield ind1=" " ind2=" " tag="260"><subfield code="a">Paris, L</subfield></datafield><datafield ind1=" " ind2=" " tag="490"><subfield code="a">Universite De Paris, 1976, 156p</subfield></datafield><datafield ind1=" " ind2=" " tag="852"><subfield code="a">550.3:621.3.018(043)</subfield></datafield></record></collection>